<record><leader>00000cas a22000007a 4500</leader><controlfield tag="001">19596542</controlfield><controlfield tag="008">890425d18881894mouwr ne      0    0eng d</controlfield><datafield ind1=" " ind2=" " tag="010"><subfield code="a">sn 89066498 </subfield></datafield><datafield ind1=" " ind2=" " tag="040"><subfield code="a">MQN</subfield><subfield code="b">eng</subfield><subfield code="c">MQN</subfield><subfield code="d">OCLCQ</subfield></datafield><datafield ind1=" " ind2=" " tag="042"><subfield code="a">msc</subfield></datafield><datafield ind1="0" ind2=" " tag="130"><subfield code="a">Bunceton eagle (Bunceton, Mo. : 1888)</subfield></datafield><datafield ind1="1" ind2="4" tag="245"><subfield code="a">The Bunceton eagle.</subfield></datafield><datafield ind1="3" ind2="0" tag="246"><subfield code="a">Eagle</subfield></datafield><datafield ind1=" " ind2=" " tag="260"><subfield code="a">Bunceton, Mo. :</subfield><subfield code="b">C.L. Cully,</subfield><subfield code="c">-1894.</subfield></datafield><datafield ind1=" " ind2=" " tag="300"><subfield code="a">v.</subfield></datafield><datafield ind1=" " ind2=" " tag="310"><subfield code="a">Weekly</subfield></datafield><datafield ind1="1" ind2=" " tag="362"><subfield code="a">Began in 1888?</subfield></datafield><datafield ind1="0" ind2=" " tag="362"><subfield code="a">-v. 7, no. 42 (Dec. 12, 1894).</subfield></datafield><datafield ind1=" " ind2=" " tag="500"><subfield code="a">"The" appears above masthead ornament.</subfield></datafield><datafield ind1=" " ind2=" " tag="588"><subfield code="a">Description based on: Vol. 5, no. 33 (Nov. 4, 1892).</subfield></datafield><datafield ind1=" " ind2=" " tag="752"><subfield code="a">United States</subfield><subfield code="b">Missouri</subfield><subfield code="c">Cooper</subfield><subfield code="d">Bunceton.</subfield></datafield><datafield ind1="0" ind2="0" tag="780"><subfield code="t">Bunceton enterprise</subfield><subfield code="w">(DLC)sn 89066484</subfield></datafield><datafield ind1="0" ind2="0" tag="785"><subfield code="t">Bunceton weekly eagle</subfield><subfield code="w">(DLC)sn 89066499</subfield></datafield></record>